@ARTICLE{cran-survey,
  author={Q. {Pham} and F. {Fang} and V. N. {Ha} and M. J. {Piran} and M. {Le} and L. B. {Le} and W. {Hwang} and Z. {Ding}},
  journal={IEEE Access}, 
  title={A Survey of Multi-Access Edge Computing in 5G and Beyond: Fundamentals, Technology Integration, and State-of-the-Art}, 
  year={2020},
  volume={8},
  number={},
  pages={116974-117017},
}

@ARTICLE{mec-a1,
  author={Y. {Mao} and C. {You} and J. {Zhang} and K. {Huang} and K. B. {Letaief}},
  journal={IEEE Communications Surveys Tutorials}, 
  title={A Survey on Mobile Edge Computing: The Communication Perspective}, 
  year={2017},
  volume={19},
  number={4},
  pages={2322-2358},
}

@ARTICLE{mec-b1,
  author={C. {You} and Y. {Zeng} and R. {Zhang} and K. {Huang}},
  journal={IEEE Transactions on Wireless Communications},
  title={Asynchronous Mobile-Edge Computation Offloading: Energy-Efficient Resource Management}, 
  year={2018},
  volume={17},
  number={11},
  pages={7590-7605},
}

@INPROCEEDINGS{mec-b2,
  author={S. {Huang} and B. {Lv} and R. {Wang}},
  booktitle={2019 IEEE Global Communications Conference (GLOBECOM)},
  title={MDP-Based Scheduling Design for Mobile-Edge Computing Systems with Random User Arrival},
  year={2019},
  volume={},
  number={},
  pages={1-6},
}

@INPROCEEDINGS{mec-b3,
  author={H. {Tan} and Z. {Han} and X. {Li} and F. C. M. {Lau}},
  booktitle={IEEE INFOCOM 2017 - IEEE Conference on Computer Communications}, 
  title={Online job dispatching and scheduling in edge-clouds}, 
  year={2017},
  volume={},
  number={},
  pages={1-9},
}

@INPROCEEDINGS{mec-b4,
  author={K. {Poularakis} and J. {Llorca} and A. M. {Tulino} and I. {Taylor} and L. {Tassiulas}},
  booktitle={IEEE INFOCOM 2019 - IEEE Conference on Computer Communications}, 
  title={Joint Service Placement and Request Routing in Multi-cell Mobile Edge Computing Networks}, 
  year={2019},
  volume={},
  number={},
  pages={10-18},
}

@INPROCEEDINGS{mec-b5,
  author={S. {Jošilo} and G. {Dán}},
  booktitle={IEEE INFOCOM 2019 - IEEE Conference on Computer Communications}, 
  title={Wireless and Computing Resource Allocation for Selfish Computation Offloading in Edge Computing}, 
  year={2019},
  volume={},
  number={},
  pages={2467-2475},
}

@INPROCEEDINGS{cran-sim-PIMRC13,
  author={T. {Werthmann} and H. {Grob-Lipski} and M. {Proebster}},
  booktitle={2013 IEEE 24th Annual International Symposium on Personal, Indoor, and Mobile Radio Communications (PIMRC)}, 
  title={Multiplexing gains achieved in pools of baseband computation units in 4G cellular networks}, 
  year={2013},
  volume={},
  number={},
  pages={3328-3333},}